<?xml version="1.0" encoding="UTF-8"?><collection xmlns="http://www.loc.gov/MARC21/slim"><record><leader>00428nam--2200157-i-4500</leader><controlfield tag="001">000046717</controlfield><controlfield tag="002">20161230</controlfield><controlfield tag="005">20170110224932</controlfield><controlfield tag="008">060222s1000------------r-----000-0-eng-d</controlfield><datafield ind1=" " ind2=" " tag="080"><subfield code="a">550.3(043)</subfield></datafield><datafield ind1=" " ind2=" " tag="100"><subfield code="a">Vogel, Andreas</subfield></datafield><datafield ind1=" " ind2=" " tag="245"><subfield code="a">Uber unregelmubigkeiten der auberen berenzung des erdkerns</subfield><subfield code="b">dissertatiion</subfield></datafield><datafield ind1=" " ind2=" " tag="260"><subfield code="a">Stuttgart</subfield><subfield code="b">Techn.Hochschule</subfield><subfield code="c">1957</subfield></datafield><datafield ind1=" " ind2=" " tag="300"><subfield code="a">60 p</subfield></datafield><datafield ind1=" " ind2=" " tag="852"><subfield code="a">47642</subfield></datafield><datafield ind1=" " ind2=" " tag="CAT"><subfield code="a">SYS</subfield><subfield code="c">20170110</subfield><subfield code="h">224932</subfield></datafield></record></collection>